% @article{Xarticle,
%     author    = "",
%     title     = "",
%     journal   = "",
%     ?_volume   = "",
%     ?_number   = "",
%     ?_pages    = "",
%     year      = "XXXX",
%     ?_month    = "",
%     ?_note     = "",
% }

% @book{Xbook,
%     author    = "",
%     title     = "",
%     publisher = "",
%     ?_volume   = "",
%     ?_number   = "",
%     ?_series   = "",
%     ?_address  = "",
%     ?_edition  = "",
%     year      = "XXXX",
%     ?_month    = "",
%     ?_note     = "",
% }

% @booklet{Xbooklet,
%     ?_author   = "",
%     title     = "",
%     ?_howpublished   = "",
%     ?_address  = "",
%     ?_year      = "XXXX",
%     ?_month    = "",
%     ?_note     = "",
% }

% @conference{Xconference,
%     author    = "",
%     title     = "",
%     booktitle = "",
%     ?_editor   = "",
%     ?_volume   = "",
%     ?_number   = "",
%     ?_series   = "",
%     ?_pages    = "",
%     ?_address  = "",
%     year      = "XXXX",
%     ?_month    = "",
%     ?_publisher= "",
%     ?_note     = "",
% }

% @inbook{Xinbook,
% 	author	= "",
% 	editor	= "",
% 	title	= "",
% 	chapter	= "",
% 	pages	= "",
% 	publisher= "",
% 	?_volume	= "",
% 	?_number	= "",
% 	?_series	= "",
% 	?_type	= "",
% 	?_address= "",
% 	?_edition= "",
% 	year	= "",
% 	?_month	= "",
% 	?_note	= "",
% }

% @incollection{Xincollection,
% 	author	= "",
% 	title	= "",
% 	booktitle= "",
% 	publisher= "",
% 	?_editor	= "",
% 	?_volume	= "",
% 	?_number	= "",
% 	?_series	= "",
% 	?_type	= "",
% 	?_chapter= "",
% 	?_pages	= "",
% 	?_address= "",
% 	?_edition= "",
% 	year	= "",
% 	?_month	= "",
% 	?_note	= "",
% }

% @inproceedings{Xinproceedings,
% 	author		= "",
% 	title		= "",
% 	booktitle	= "",
% 	?_editor		= "",
% 	?_volume		= "",
% 	?_number		= "",
% 	?_series		= "",
% 	?_pages		= "",
% 	?_address	= "",
% 	?_organization	= "",
% 	?_publisher	= "",
% 	year		= "",
% 	?_month		= "",
% 	?_note		= "",
% }

% @manual{Xmanual,
% 	title		= "",
% 	?_author		= "",
% 	?_organization	= "",
% 	?_address	= "",
% 	?_edition	= "",
% 	year		= "",
% 	?_month		= "",
% 	?_note		= "",
% }

% @mastersthesis{Xthesis,
%     author    = "",
%     title     = "",
%     school    = "",
%     ?_type     = "diploma thesis",
%     ?_address  = "",
%     year      = "XXXX",
%     ?_month    = "",
%     ?_note     = "",
% }

% @misc{Xmisc,
%     ?_author    = "",
%     ?_title     = "",
%     ?_howpublished = "",
%     ?_year     = "XXXX",
%     ?_month    = "",
%     ?_note     = "",
% }

% @phdthesis{Xphdthesis,
% 	author		= "",
% 	title		= "",
% 	school		= "",
% 	?_address	= "",
% 	year		= "",
% 	?_month		= "",
% 	?_keywords	= "",
% 	?_note		= "",
% }

% @proceedings{Xproceedings,
% 	title		= "",
% 	?_editor		= "",
% 	?_volume		= "",
% 	?_number		= "",
% 	?_series		= "",
% 	?_address	= "",
% 	?_organization	= "",
% 	?_publisher	= "",
% 	year		= "",
% 	?_month		= "",
% 	?_note		= "",
% }

% @techreport{Xtreport,
%     author    = "",
%     title     = "",
%     institution = "",
%     ?_type     = "", 
%     ?_number   = "",
%     ?_address  = "",
%     year      = "XXXX",
%     ?_month    = "",
%     ?_note     = "",
% }

% @unpublished{Xunpublished,
% 	author	= "",
% 	title	= "",
% 	?_year	= "",
% 	?_month	= "",
% 	note	= "",
% }