@book{ant_eng_hk,
    author          = "John L. Volakis",
    title           = "Antenna Engineering Handbook",
    publisher       = "McGraw-Hill Professional",
    edition         = "Fourth edition",
    year            = "2007",
}

@book{ant_beam_form,
    author          = "Shun-Ping, Chen and Schmiedel, Heinz",
    title           = "RF Antenna Beam Forming",
    publisher       = "Springer Cham",
    edition         = "First edition",
    year            = "2023",
}

@book{maxwell_theory,
    author          = "Ebert, Hans and Raskmark, Povl",
    title           = "Grundlæggende Maxwellsk Feltteori",
    publisher       = "Aalborg Universitet",
    edition         = "Fourth edition",
    year            = "1998",
}

@book{direct_energy,
    author          = "Andrea M. Mitofsky",
    title           = "Direct Energy Conversion",
    publisher       = "Trine University",
    edition         = "First edition",
    year            = "2018",
}

@book{tcp_ip,
    author          = "Dostálek, Libor and Kabelová, Alena",
    title           = "Understanding TCP/IP",
    publisher       = "Packt Publishing Limited",
    edition         = "First edition",
    year            = "2006",
}

@inproceedings{ieee_beam_steering,
    author          ="Singh, Ankit and Kumar, Ankit and Ranjan, Abhishek and Kumar, Arvind and Kumar, Arun",
    title           ="Beam steering in antenna", 
    booktitle       ="2017 International Conference on Innovations in Information, Embedded and Communication Systems (ICIIECS)", 
 	pages	        = "1-4",
    year            ="2017",
}

@inproceedings{ieee_microchip_beam_steering,
    author          ="G, Sujanth Narayan. K. and V, Velavikneshwaran. and Baskaradas, James A.",
    title           ="Design of Electronically Steerable Direction Shifting Microstrip Antenna Array using Beam Steering Technique", 
    booktitle       ="2021 IEEE Indian Conference on Antennas and Propagation (InCAP)", 
 	pages		    = "60-63",
    year            ="2021",
}

@techreport{itu_multipath,
    author          = "Radiocommunication Sector, ITU",
    title           = "Multipath Propagation And Parameterization Of Its Characteristics",
    institution     = "International Telecommunication Union",
    year            = "2021",
}

@manual{ks_td_analysis,
    title     = "Time Domain Analysis Using a Network Analyzer",
    author    = "Keysight Technologies",
    year      = "2017",
}

@manual{hrt_i_manual,
    title		= "HRT I Manual",
    author		= "HEAD Acoustics GmbH",
 	year		= "2019",
}

@manual{hrt_control_api_manual,
    title		    = "HRT I Turntable Control Interface Documentation",
    author		    = "HEAD Acoustics GmbH",
 	year		    = "2018",
}

@unpublished{ming_notes,
    author	        = "Min Shen",
 	title	        = "Wireless Phy/Mac Fundamentals",
 	year	        = "2014",
 	note	        = "{Lecture notes; accessed 3-May-2024}",
}

@misc{concurrency,
	title		    = "Speed Up Your Python Program With Concurrency",
	author		    = "Jim Anderson",
    year		    = "u.a.",
    howpublished    = "\url{realpython.com/python-concurrency}",
	note		    = "{Online; accessed 05-April-2024}",
}

@misc{pywin32,
	title		    = "Pywin32",
	author		    = "Hammond, Mark",
    year		    = "u.a.",
    howpublished    = "\url{pypi.org/project/pywin32}",
	note		    = "{Online; accessed 15-April-2024}",
}

@misc{s_params,
	title		    = "S-Parameters and the Reflection Coefficient",
	author		    = "Cadence PCB Solutions",
    year		    = "u.a.",
    howpublished    = "\url{resources.pcb.cadence.com/blog/2023-s-parameters-and-the-reflection-coefficient}",
	note		    = "{Online; accessed 3-May-2024}",
}

@misc{hrt_i_data_sheet,
	title		    = "Data Sheet HRT I",
	author		    = "HEAD Acoustics GmbH",
    year		    = "2023",
    howpublished    = "\url{cdn.head-acoustics.com/fileadmin/data/global/Datasheets/Data_Acquisition/HRT-I-Turntable-6498-Data-Sheet.pdf}",
	note		    = "{Online; accessed 09-March-2024}",
}

@misc{vna_data_sheet_spec,
	title		    = "ZVB Vector Network Analyzer Specification",
	author		    = "Rohde and Schwarz GmbH",
    year		    = "2011",
    howpublished    = "\url{scdn.rohde-schwarz.com/ur/pws/dl_downloads/dl_common_library/dl_brochures_and_datasheets/pdf_1/ZVB_dat_sw_en.pdf}",
	note		    = "{Online; accessed 05-April-2024}",
}

@misc{vna_operating_manual,
	title		    = "Operating Manual",
	author		    = "Rohde and Schwarz GmbH",
    year		    = "u.a.",
    howpublished    = "\url{isotest.es/web/Soporte/manuales/ROHDE/R&S%20ZVA.pdf}",
	note		    = "{Online; accessed 05-April-2024}",
}

@misc{bandwidth,
	title		    = "Bandwidth",
	author		    = "Peter Bevelacqua",
    year		    = "2015",
    howpublished    = "\url{antenna-theory.com/basics/bandwidth.php}",
	note		    = "{Online; accessed 04-May-2024}",
}

@misc{dipole,
	title		    = "The Dipole Antenna",
	author		    = "Peter Bevelacqua",
    year		    = "2015",
    howpublished    = "\url{antenna-theory.com/antennas/dipole.php}",
	note		    = "{Online; accessed 04-May-2024}",
}

@misc{servo_step,
	title		    = "The Choice Between Servo Motors and Stepper Motors",
	author		    = "Johann Tang",
    year		    = "2021",
    howpublished    = "\url{blog.orientalmotor.com/the-choice-between-servo-motors-and-stepper-motors}",
	note		    = "{Online; accessed 16-May-2024}",
}

@misc{loop,
	title		    = "Open vs. Closed Loop",
	author		    = "GCM A/S",
    year		    = "u.a.",
    howpublished    = "\url{gearcentralen.dk/en/open-vs-closed-loop/}",
	note		    = "{Online; accessed 16-May-2024}",
}

@misc{beamsteering,
    title           = "Beamforming and Beamsteering Antennas",
    author          = "Electronics Notes",
    year            = "u.a.",
    howpublished    = "\url{electronics-notes.com/articles/antennas-propagation/phased-array-antennas/beamforming-beamsteering-antenna-basics.php}",
    note            = "{Online; accessed 16-May-2024}",
}

@misc{ids,
    title           = "What is Physical Intrusion Detection?",
    author          = "Isarsoft GmbH",
    year            = "2024",
    howpublished    = "\url{isarsoft.com/knowledge-hub/intrusion-detection}",
    note            = "{Online; accessed 17-May-2024}",
}

% @article{Xarticle,
%     author    = "",
%     title     = "",
%     journal   = "",
%     ?_volume   = "",
%     ?_number   = "",
%     ?_pages    = "",
%     year      = "XXXX",
%     ?_month    = "",
%     ?_note     = "",
% }

% @book{Xbook,
%     author    = "",
%     title     = "",
%     publisher = "",
%     ?_volume   = "",
%     ?_number   = "",
%     ?_series   = "",
%     ?_address  = "",
%     ?_edition  = "",
%     year      = "XXXX",
%     ?_month    = "",
%     ?_note     = "",
% }

% @booklet{Xbooklet,
%     ?_author   = "",
%     title     = "",
%     ?_howpublished   = "",
%     ?_address  = "",
%     ?_year      = "XXXX",
%     ?_month    = "",
%     ?_note     = "",
% }

% @conference{Xconference,
%     author    = "",
%     title     = "",
%     booktitle = "",
%     ?_editor   = "",
%     ?_volume   = "",
%     ?_number   = "",
%     ?_series   = "",
%     ?_pages    = "",
%     ?_address  = "",
%     year      = "XXXX",
%     ?_month    = "",
%     ?_publisher= "",
%     ?_note     = "",
% }

% @inbook{Xinbook,
% 	author	= "",
% 	editor	= "",
% 	title	= "",
% 	chapter	= "",
% 	pages	= "",
% 	publisher= "",
% 	?_volume	= "",
% 	?_number	= "",
% 	?_series	= "",
% 	?_type	= "",
% 	?_address= "",
% 	?_edition= "",
% 	year	= "",
% 	?_month	= "",
% 	?_note	= "",
% }

% @incollection{Xincollection,
% 	author	= "",
% 	title	= "",
% 	booktitle= "",
% 	publisher= "",
% 	?_editor	= "",
% 	?_volume	= "",
% 	?_number	= "",
% 	?_series	= "",
% 	?_type	= "",
% 	?_chapter= "",
% 	?_pages	= "",
% 	?_address= "",
% 	?_edition= "",
% 	year	= "",
% 	?_month	= "",
% 	?_note	= "",
% }

% @inproceedings{Xinproceedings,
% 	author		= "",
% 	title		= "",
% 	booktitle	= "",
% 	?_editor		= "",
% 	?_volume		= "",
% 	?_number		= "",
% 	?_series		= "",
% 	?_pages		= "",
% 	?_address	= "",
% 	?_organization	= "",
% 	?_publisher	= "",
% 	year		= "",
% 	?_month		= "",
% 	?_note		= "",
% }

% @manual{Xmanual,
% 	title		= "",
% 	?_author		= "",
% 	?_organization	= "",
% 	?_address	= "",
% 	?_edition	= "",
% 	year		= "",
% 	?_month		= "",
% 	?_note		= "",
% }

% @mastersthesis{Xthesis,
%     author    = "",
%     title     = "",
%     school    = "",
%     ?_type     = "diploma thesis",
%     ?_address  = "",
%     year      = "XXXX",
%     ?_month    = "",
%     ?_note     = "",
% }

% @misc{Xmisc,
%     ?_author    = "",
%     ?_title     = "",
%     ?_howpublished = "",
%     ?_year     = "XXXX",
%     ?_month    = "",
%     ?_note     = "",
% }

% @phdthesis{Xphdthesis,
% 	author		= "",
% 	title		= "",
% 	school		= "",
% 	?_address	= "",
% 	year		= "",
% 	?_month		= "",
% 	?_keywords	= "",
% 	?_note		= "",
% }

% @proceedings{Xproceedings,
% 	title		= "",
% 	?_editor		= "",
% 	?_volume		= "",
% 	?_number		= "",
% 	?_series		= "",
% 	?_address	= "",
% 	?_organization	= "",
% 	?_publisher	= "",
% 	year		= "",
% 	?_month		= "",
% 	?_note		= "",
% }

% @techreport{Xtreport,
%     author    = "",
%     title     = "",
%     institution = "",
%     ?_type     = "", 
%     ?_number   = "",
%     ?_address  = "",
%     year      = "XXXX",
%     ?_month    = "",
%     ?_note     = "",
% }

% @unpublished{Xunpublished,
% 	author	= "",
% 	title	= "",
% 	?_year	= "",
% 	?_month	= "",
% 	note	= "",
% }